<record><leader>00000cas a22000007a 4500</leader><controlfield tag="001">21028802</controlfield><controlfield tag="008">900209d18821uuucouwr ne      0    0eng d</controlfield><datafield ind1=" " ind2=" " tag="010"><subfield code="a">sn 90051049 </subfield></datafield><datafield ind1=" " ind2=" " tag="040"><subfield code="a">CNQ</subfield><subfield code="b">eng</subfield><subfield code="c">CNQ</subfield><subfield code="d">OCLCQ</subfield></datafield><datafield ind1=" " ind2=" " tag="042"><subfield code="a">msc</subfield></datafield><datafield ind1="0" ind2=" " tag="130"><subfield code="a">Weekly herald (Silver Cliff, Colo. : 1882)</subfield></datafield><datafield ind1="1" ind2="4" tag="245"><subfield code="a">The weekly herald.</subfield></datafield><datafield ind1=" " ind2=" " tag="260"><subfield code="a">Silver Cliff, Colo. :</subfield><subfield code="b">Will C. Ferril</subfield></datafield><datafield ind1=" " ind2=" " tag="300"><subfield code="a">v.</subfield></datafield><datafield ind1=" " ind2=" " tag="310"><subfield code="a">Weekly</subfield></datafield><datafield ind1="0" ind2=" " tag="362"><subfield code="a">Vol. 1, no. 6 (Mar. 23, 1882)-</subfield></datafield><datafield ind1=" " ind2=" " tag="530"><subfield code="a">Available on microfilm from the Colorado Historical Society.</subfield></datafield><datafield ind1=" " ind2=" " tag="752"><subfield code="a">United States</subfield><subfield code="b">Colorado</subfield><subfield code="c">Custer</subfield><subfield code="d">Silver Cliff.</subfield></datafield><datafield ind1="0" ind2=" " tag="775"><subfield code="t">Daily herald (Silver Cliff, Colo. : 1882)</subfield><subfield code="w">(DLC)sn 85067359</subfield></datafield><datafield ind1="0" ind2="0" tag="780"><subfield code="t">Silver Cliff weekly herald</subfield><subfield code="w">(DLC)sn 90051050</subfield></datafield></record>